@booklet{LS-lectures,
	title = {Optimization -- local search},
	author = {Maciej Komosi≈Ñski and Maciej Hapke},
	year = {2023},
	note = {Lecture notes},
	url= {https://www.cs.put.poznan.pl/mkomosinski/lectures/optimization/LS-en.pdf}
}

@book{Goldberg-2002,
  title={The Design of Innovation: Lessons from and for Competent Genetic Algorithms},
  author={Goldberg, D. E.},
  year={2002},
  publisher={Kluwer Academic Publishers}
}

@misc{WikiDash,
  author = "Wikipedia",
  title = "Dash -- Wikipedia{,} The Free Encyclopedia",
  url = {http://en.wikipedia.org/wiki/Dash},
  year = "2014"
}

@article{graphviz,
    author = {Emden R. Gansner and Stephen C. North},
    title = {An open graph visualization system and its applications to software engineering},
    journal = {Software -- practice and experience},
    year = {2000},
    volume = {30},
    number = {11},
    pages = {1203--1233},
    url = {https://www.graphviz.org/}
}
